<record><leader>00000cas a2200000 a 4500</leader><controlfield tag="001">45436073</controlfield><controlfield tag="008">001129d196u19uuiluuu ne      0   a0eng c</controlfield><datafield ind1=" " ind2=" " tag="010"><subfield code="a">sn 00061585 </subfield></datafield><datafield ind1=" " ind2=" " tag="040"><subfield code="a">NVF</subfield><subfield code="b">eng</subfield><subfield code="c">NVF</subfield><subfield code="d">NVF</subfield><subfield code="d">OCLCQ</subfield><subfield code="d">NVF</subfield><subfield code="d">OCLCF</subfield><subfield code="d">OCLCO</subfield></datafield><datafield ind1="1" ind2=" " tag="029"><subfield code="a">AU@</subfield><subfield code="b">000022106431</subfield></datafield><datafield ind1=" " ind2=" " tag="042"><subfield code="a">pcc</subfield></datafield><datafield ind1=" " ind2=" " tag="043"><subfield code="a">n-us-il</subfield></datafield><datafield ind1="0" ind2="4" tag="245"><subfield code="a">The Chenoa clipper-times the Lexington unit-journal.</subfield></datafield><datafield ind1="1" ind2="0" tag="246"><subfield code="a">Chenoa clipper-times</subfield></datafield><datafield ind1="1" ind2="0" tag="246"><subfield code="a">Lexington unit-journal</subfield></datafield><datafield ind1="3" ind2=" " tag="246"><subfield code="a">Chenoa clipper times the Lexington unit journal</subfield></datafield><datafield ind1="3" ind2=" " tag="246"><subfield code="a">Chenoa clipper times</subfield></datafield><datafield ind1="3" ind2=" " tag="246"><subfield code="a">Lexington unit journal</subfield></datafield><datafield ind1=" " ind2=" " tag="260"><subfield code="a">Chenoa, Ill. ;</subfield><subfield code="a">Lexington, McLean County, Ill. :</subfield><subfield code="b">Kramer Pub. Co.</subfield></datafield><datafield ind1=" " ind2=" " tag="300"><subfield code="a">v.</subfield></datafield><datafield ind1=" " ind2=" " tag="500"><subfield code="a">Front page contains two separate mastheads with own titles, places of publication, and numbering systems.</subfield></datafield><datafield ind1=" " ind2=" " tag="588"><subfield code="a">Description based on: Vol. 95, no. 11 (Nov. 21, 1963) = v. 82, no. 23.</subfield></datafield><datafield ind1=" " ind2=" " tag="588"><subfield code="a">Latest issue consulted: Vol. 75, no. 26 (Mar. 12, 1964) = v. 82, no. 39.</subfield></datafield><datafield ind1=" " ind2="0" tag="651"><subfield code="a">Chenoa (Ill.)</subfield><subfield code="v">Newspapers.</subfield></datafield><datafield ind1=" " ind2="0" tag="651"><subfield code="a">Lexington (Ill.)</subfield><subfield code="v">Newspapers.</subfield></datafield><datafield ind1=" " ind2="7" tag="655"><subfield code="a">Newspapers.</subfield><subfield code="2">fast</subfield><subfield code="0">(OCoLC)fst01423814</subfield></datafield><datafield ind1=" " ind2="7" tag="651"><subfield code="a">Illinois</subfield><subfield code="z">Chenoa.</subfield><subfield code="2">fast</subfield><subfield code="0">(OCoLC)fst01278449</subfield></datafield><datafield ind1=" " ind2="7" tag="651"><subfield code="a">Illinois</subfield><subfield code="z">Lexington.</subfield><subfield code="2">fast</subfield><subfield code="0">(OCoLC)fst01278450</subfield></datafield><datafield ind1=" " ind2=" " tag="752"><subfield code="a">United States</subfield><subfield code="b">Illinois</subfield><subfield code="c">McLean</subfield><subfield code="d">Chenoa.</subfield></datafield><datafield ind1=" " ind2=" " tag="752"><subfield code="a">United States</subfield><subfield code="b">Illinois</subfield><subfield code="c">McLean</subfield><subfield code="d">Lexington.</subfield></datafield><datafield ind1="0" ind2=" " tag="775"><subfield code="t">Chenoa clipper-times</subfield><subfield code="w">(DLC)sn 90054527</subfield><subfield code="w">(OCoLC)21214796</subfield></datafield><datafield ind1="0" ind2=" " tag="775"><subfield code="t">Lexington unit-journal</subfield><subfield code="w">(DLC)sn 90054532</subfield><subfield code="w">(OCoLC)21214848</subfield></datafield></record>